<record><leader>00000cas a2200000 a 4500</leader><controlfield tag="001">37311834</controlfield><controlfield tag="007">hd afb---buca</controlfield><controlfield tag="008">970717d18741875ncuwr n a     0    0eng c</controlfield><datafield ind1=" " ind2=" " tag="010"><subfield code="a">  2010229232</subfield></datafield><datafield ind1=" " ind2=" " tag="040"><subfield code="a">NOC</subfield><subfield code="b">eng</subfield><subfield code="c">NOC</subfield><subfield code="d">NCECU</subfield><subfield code="d">FUG</subfield><subfield code="d">OCLCQ</subfield><subfield code="d">OCLCF</subfield><subfield code="d">OCLCO</subfield><subfield code="d">OCLCQ</subfield></datafield><datafield ind1=" " ind2=" " tag="042"><subfield code="a">pcc</subfield></datafield><datafield ind1=" " ind2=" " tag="043"><subfield code="a">n-us-nc</subfield></datafield><datafield ind1="0" ind2="4" tag="245"><subfield code="a">The Rutherford star and West-Carolina record.</subfield></datafield><datafield ind1="1" ind2="3" tag="246"><subfield code="a">Star &amp; record</subfield></datafield><datafield ind1="3" ind2="0" tag="246"><subfield code="a">Star and record</subfield></datafield><datafield ind1=" " ind2=" " tag="260"><subfield code="a">Rutherfordton, N.C. :</subfield><subfield code="b">J.C. Clendenin, J.B. Carpenter</subfield></datafield><datafield ind1=" " ind2=" " tag="300"><subfield code="a">1 volume</subfield></datafield><datafield ind1=" " ind2=" " tag="310"><subfield code="a">Weekly</subfield></datafield><datafield ind1=" " ind2=" " tag="336"><subfield code="a">text</subfield><subfield code="b">txt</subfield><subfield code="2">rdacontent</subfield></datafield><datafield ind1=" " ind2=" " tag="337"><subfield code="a">microform</subfield><subfield code="b">h</subfield><subfield code="2">rdamedia</subfield></datafield><datafield ind1=" " ind2=" " tag="338"><subfield code="a">microfilm reel</subfield><subfield code="b">hd</subfield><subfield code="2">rdacarrier</subfield></datafield><datafield ind1="0" ind2=" " tag="362"><subfield code="a">Vol. 7, no. 3 (Feb. 28, 1874)-v. 7, no. 48 (Jan. 30, 1875).</subfield></datafield><datafield ind1=" " ind2=" " tag="500"><subfield code="a">"We to-day change the name of our paper to the Rutherford Star and West-Carolina Record ... again taking the name of the Star ..."</subfield></datafield><datafield ind1=" " ind2=" " tag="515"><subfield code="a">Volume number is a continuation of former Rutherford Star's volume number (ceased in 1872); issue number is a continuation of the West-Carolina record's issue number.</subfield></datafield><datafield ind1=" " ind2=" " tag="533"><subfield code="a">Microfilm.</subfield><subfield code="m">1874-1875.</subfield><subfield code="b">Raleigh, N.C. :</subfield><subfield code="c">North Carolina Dept. of Archives and History, Division of Archives and Manuscripts,</subfield><subfield code="d">1963.</subfield><subfield code="e">1 microfilm reel ; 35 mm.</subfield><subfield code="n">Filmed with: West-Carolina record.</subfield></datafield><datafield ind1=" " ind2="0" tag="651"><subfield code="a">Rutherfordton (N.C.)</subfield><subfield code="v">Newspapers.</subfield></datafield><datafield ind1=" " ind2="7" tag="651"><subfield code="a">North Carolina</subfield><subfield code="z">Rutherfordton.</subfield><subfield code="2">fast</subfield><subfield code="0">(OCoLC)fst01216545</subfield></datafield><datafield ind1=" " ind2="7" tag="655"><subfield code="a">Newspapers.</subfield><subfield code="2">fast</subfield><subfield code="0">(OCoLC)fst01423814</subfield></datafield><datafield ind1=" " ind2=" " tag="752"><subfield code="a">United States</subfield><subfield code="b">North Carolina</subfield><subfield code="c">Rutherford</subfield><subfield code="d">Rutherfordton.</subfield></datafield><datafield ind1="1" ind2=" " tag="776"><subfield code="c">Original</subfield><subfield code="w">(OCoLC)24941184</subfield></datafield><datafield ind1="0" ind2="0" tag="780"><subfield code="t">West-Carolina record</subfield><subfield code="w">(OCoLC)12730522</subfield></datafield></record>